<mx:record xmlns="http://www.w3.org/TR/xhtml1/strict" xmlns:mx="http://www.loc.gov/MARC21/slim" xmlns:xsi="http://www.w3.org/2001/XMLSchema-instance"><mx:leader>00000cz   2200000n  4500</mx:leader><mx:controlfield tag="001">oca01792492 </mx:controlfield><mx:controlfield tag="005">20000610070034.0</mx:controlfield><mx:controlfield tag="008">870202n| acannaabn          |a aaa      </mx:controlfield><mx:datafield ind1=" " ind2=" " tag="010"><mx:subfield code="a">n  87805717 </mx:subfield><mx:subfield code="z">n  96019021 </mx:subfield></mx:datafield><mx:datafield ind1=" " ind2=" " tag="040"><mx:subfield code="a">DLC</mx:subfield><mx:subfield code="b">eng</mx:subfield><mx:subfield code="c">DLC</mx:subfield><mx:subfield code="d">DLC</mx:subfield><mx:subfield code="d">OCoLC</mx:subfield></mx:datafield><mx:datafield ind1="1" ind2=" " tag="100"><mx:subfield code="a">Marullo Tarcaniota, Michele,</mx:subfield><mx:subfield code="d">d. 1500</mx:subfield></mx:datafield><mx:datafield ind1="1" ind2=" " tag="400"><mx:subfield code="a">Marulle, Michel,</mx:subfield><mx:subfield code="d">d. 1500</mx:subfield></mx:datafield><mx:datafield ind1="1" ind2=" " tag="400"><mx:subfield code="a">Tarcaniota, Michele Marullo,</mx:subfield><mx:subfield code="d">d. 1500</mx:subfield></mx:datafield><mx:datafield ind1="1" ind2=" " tag="400"><mx:subfield code="a">Marullus, Michael,</mx:subfield><mx:subfield code="d">d. 1500</mx:subfield></mx:datafield><mx:datafield ind1="1" ind2=" " tag="400"><mx:subfield code="a">Tarchaniota Marullus, Michael,</mx:subfield><mx:subfield code="d">d. 1500</mx:subfield></mx:datafield><mx:datafield ind1="1" ind2=" " tag="400"><mx:subfield code="a">Marullo, Michele,</mx:subfield><mx:subfield code="d">d. 1500</mx:subfield></mx:datafield><mx:datafield ind1=" " ind2=" " tag="670"><mx:subfield code="a">nuc86-79383: His Epigrammatum libri IV ; Hymnorum naturalium ... [MI] 1497</mx:subfield><mx:subfield code="b">(hdg. on GmC rept.: Marullus, Michael)</mx:subfield></mx:datafield><mx:datafield ind1=" " ind2=" " tag="670"><mx:subfield code="a">NUC pre-1956</mx:subfield><mx:subfield code="b">(LC hdg.: Marullo Tarcaniota, Michele, d. 1500; usage: Michaelis Tarchaniotae Marvlli; Michael Tarch. Marvllvs; Michaël Marullus)</mx:subfield></mx:datafield><mx:datafield ind1=" " ind2=" " tag="670"><mx:subfield code="a">Encyc. Brit., Micropaedia,</mx:subfield><mx:subfield code="b">v. 9, p. 824 (Tarcaniota, nickname for Michele Marullo)</mx:subfield></mx:datafield><mx:datafield ind1=" " ind2=" " tag="670"><mx:subfield code="a">Encyc. Brit., Macropaedia,</mx:subfield><mx:subfield code="b">v. 10, p. 1132 (Michele Marullo Tarcaniota)</mx:subfield></mx:datafield><mx:datafield ind1=" " ind2=" " tag="670"><mx:subfield code="a">Goff. Incun. in Am. libs., p. 408</mx:subfield><mx:subfield code="b">(Marullus, Michael)</mx:subfield></mx:datafield><mx:datafield ind1=" " ind2=" " tag="670"><mx:subfield code="a">Hymnes naturels, 1995:</mx:subfield><mx:subfield code="b">t.p. (Michel Marulle)</mx:subfield></mx:datafield><mx:datafield ind1=" " ind2=" " tag="675"><mx:subfield code="a">Encyc. Americana; Collier's; Webster's biog.</mx:subfield></mx:datafield><mx:datafield ind1=" " ind2=" " tag="999"><mx:subfield code="a">46</mx:subfield></mx:datafield></mx:record>